<?xml version="1.0" encoding="UTF-8"?><record xmlns="http://www.loc.gov/MARC21/slim" xmlns:cinclude="http://apache.org/cocoon/include/1.0" xmlns:zs="http://www.loc.gov/zing/srw/">
  <leader>00419nz  a2200133n  4500</leader>
  <controlfield tag="001">n  89601039 </controlfield>
  <controlfield tag="003">DLC</controlfield>
  <controlfield tag="005">19890110082903.3</controlfield>
  <controlfield tag="008">890110n| acannaab|          |n aaa |||  </controlfield>
  <datafield tag="010" ind1=" " ind2=" ">
    <subfield code="a">n  89601039 </subfield>
  </datafield>
  <datafield tag="040" ind1=" " ind2=" ">
    <subfield code="a">DLC</subfield>
    <subfield code="c">DLC</subfield>
  </datafield>
  <datafield tag="100" ind1="1" ind2="0">
    <subfield code="a">Meinck, Willi</subfield>
  </datafield>
  <datafield tag="670" ind1=" " ind2=" ">
    <subfield code="a">nuc88-29245: His Kaffeetrinken im Grandhotel, c1984</subfield>
    <subfield code="b">(hdg. on MiU rept.: Meinck, Willi; usage: Willi Meinck)</subfield>
  </datafield>
  <datafield tag="670" ind1=" " ind2=" ">
    <subfield code="a">LC data base, 1/10/89</subfield>
    <subfield code="b">(hdg.: Meinck, Willi)</subfield>
  </datafield>
</record>